@article{bapst2019pattern,
  title={A pattern recognition algorithm for quantum annealers},
  author={Bapst, Frederic and Bhimji, Wahid and Calafiura, Paolo and Gray, Heather and Lavrijsen, Wim and Linder, Lucy},
  journal={arXiv preprint arXiv:1902.08324},
  year={2019}
}